@inproceedings{Articolo_resolution,
  author       = {Dirk Pattinson and
                  Nicola Olivetti and
                  Cl{\'{a}}udia Nalon},
  editor       = {Revantha Ramanayake and
                  Josef Urban},
  title        = {Resolution Calculi for Non-normal Modal Logics},
  booktitle    = {Automated Reasoning with Analytic Tableaux and Related Methods - 32nd
                  International Conference, {TABLEAUX} 2023, Prague, Czech Republic,
                  September 18-21, 2023, Proceedings},
  series       = {Lecture Notes in Computer Science},
  volume       = {14278},
  pages        = {322--341},
  publisher    = {Springer},
  year         = {2023},
  url          = {https://doi.org/10.1007/978-3-031-43513-3\_18},
  doi          = {10.1007/978-3-031-43513-3\_18},
  timestamp    = {Wed, 01 Nov 2023 08:59:02 +0100},
  biburl       = {https://dblp.org/rec/conf/tableaux/PattinsonON23.bib},
  bibsource    = {dblp computer science bibliography, https://dblp.org}
}